<record><leader>00000cas a2200000 a 4500</leader><controlfield tag="001">50475974</controlfield><controlfield tag="006">m     o  d        </controlfield><controlfield tag="007">cr mnu||||||||</controlfield><controlfield tag="008">020823d18891959nyudn nso     0    0eng c</controlfield><datafield ind1=" " ind2=" " tag="010"><subfield code="a">  2004233792</subfield></datafield><datafield ind1=" " ind2=" " tag="040"><subfield code="a">VVB</subfield><subfield code="b">eng</subfield><subfield code="c">VVB</subfield><subfield code="d">OCLCQ</subfield><subfield code="d">GUA</subfield><subfield code="d">OCLCQ</subfield><subfield code="d">OCLCF</subfield><subfield code="d">OCLCO</subfield></datafield><datafield ind1="1" ind2=" " tag="029"><subfield code="a">AU@</subfield><subfield code="b">000026352327</subfield></datafield><datafield ind1="1" ind2=" " tag="029"><subfield code="a">NZ1</subfield><subfield code="b">12138690</subfield></datafield><datafield ind1="1" ind2=" " tag="029"><subfield code="a">AU@</subfield><subfield code="b">000044945310</subfield></datafield><datafield ind1="1" ind2=" " tag="029"><subfield code="a">AU@</subfield><subfield code="b">000045738166</subfield></datafield><datafield ind1=" " ind2=" " tag="042"><subfield code="a">pcc</subfield></datafield><datafield ind1=" " ind2=" " tag="043"><subfield code="a">n-us---</subfield><subfield code="a">n-us-ny</subfield></datafield><datafield ind1="0" ind2=" " tag="130"><subfield code="a">Wall Street Journal (New York, N.Y. : 1889 : Online)</subfield></datafield><datafield ind1="1" ind2="4" tag="245"><subfield code="a">The Wall Street journal</subfield><subfield code="h">[electronic resource].</subfield></datafield><datafield ind1="1" ind2=" " tag="246"><subfield code="i">Some providers have also title:</subfield><subfield code="a">Historical Wall Street journal</subfield></datafield><datafield ind1=" " ind2=" " tag="260"><subfield code="a">New York :</subfield><subfield code="b">Dow, Jones &amp; Co.,</subfield><subfield code="c">1889-1959.</subfield></datafield><datafield ind1=" " ind2=" " tag="310"><subfield code="a">Daily (except Saturday and Sunday),</subfield><subfield code="b">July 8, 1953-1959</subfield></datafield><datafield ind1=" " ind2=" " tag="321"><subfield code="a">Daily (except Sunday),</subfield><subfield code="b">1889-July 7, 1953</subfield></datafield><datafield ind1="0" ind2=" " tag="362"><subfield code="a">Vol. 1, no. 1 (July 8, 1889)-v. 13, no. 248 (Apr. 19, 1902) ; v. 39, no. 95 (Apr. 21, 1902)-v. 153, no. 31 (Feb. 13, 1959).</subfield></datafield><datafield ind1=" " ind2=" " tag="500"><subfield code="a">Title from page map image of banner (Proquest, viewed Oct. 26, 2004).</subfield></datafield><datafield ind1=" " ind2=" " tag="515"><subfield code="a">Issues for July 1, 1893-Apr. 19, 1902 called also v. 11, new ser.-v. 19, new ser.</subfield></datafield><datafield ind1=" " ind2=" " tag="538"><subfield code="a">Mode of access: World Wide Web.</subfield></datafield><datafield ind1=" " ind2="0" tag="651"><subfield code="a">New York (N.Y.)</subfield><subfield code="v">Newspapers.</subfield></datafield><datafield ind1=" " ind2="7" tag="655"><subfield code="a">Newspapers.</subfield><subfield code="2">fast</subfield><subfield code="0">(OCoLC)fst01423814</subfield></datafield><datafield ind1=" " ind2="7" tag="651"><subfield code="a">New York (State)</subfield><subfield code="z">New York.</subfield><subfield code="2">fast</subfield><subfield code="0">(OCoLC)fst01204333</subfield></datafield><datafield ind1=" " ind2=" " tag="752"><subfield code="a">United States</subfield><subfield code="b">New York</subfield><subfield code="c">New York</subfield><subfield code="d">New York.</subfield></datafield><datafield ind1="0" ind2="8" tag="776"><subfield code="i">Print version:</subfield><subfield code="t">Wall Street Journal (New York, N.Y. : 1889)</subfield><subfield code="w">(DLC)sn 85047504</subfield><subfield code="w">(OCoLC)1713496</subfield></datafield><datafield ind1="0" ind2="0" tag="785"><subfield code="t">Wall Street Journal (Eastern ed. : Online)</subfield><subfield code="w">(DLC)  2004233786</subfield><subfield code="w">(OCoLC)43638285</subfield></datafield><datafield ind1="4" ind2="0" tag="856"><subfield code="u">http://proquest.umi.com/pqdweb?RQT=318&amp;TS=1098816103&amp;clientId=30345&amp;VType=PQD&amp;VName=HNP&amp;VInst=PROD&amp;pmid=000043898&amp;PageNum=1</subfield></datafield><datafield ind1="4" ind2="0" tag="856"><subfield code="u">http://online.wsj.com/public/us</subfield></datafield><datafield ind1="4" ind2="0" tag="856"><subfield code="u">http://www.umi.com/pqdauto/</subfield></datafield></record>